% Encoding: UTF-8

@InBook{handbook,
  chapter   = {24},
  pages     = {450},
  title     = {Handbook of Research on ICTs for Human-Centered Healthcare and Social Care Services},
  publisher = {Medical Information Science Reference},
  year      = {2013},
  author    = {Maria Manuela Cruz-Cunha and Isabel Maria Miranda and Patricia Goncalves},
  volume    = {2},
}

@Article{main_quoc,
  author  = {Quoc T. Huynh and Uyen D. Nguyen and Lucia B. Irazabal and Nazanin Ghassemian and Binh Q. Tran},
  title   = {Optimization of an Accelerometer and Gyroscope-Based Fall Detection Algorithm},
  journal = {Journal of Sensor},
  year    = {2015},
  number  = {452078},
}

@Misc{who,
  author = {{World Health Organiztion}},
  title  = {Falls},
  url    = {http://www.who.int/en/news-room/fact-sheets/detail/falls},
}

@Article{static1,
  author  = {J. Y. Hwang and J. M. Kang, and H. C. Kim},
  title   = {Development of novel algorithm and real-time monitoring ambulatory system using bluetooth module for fall detection in the elderly},
  journal = {Proceedings of the 26th Annual International Conference of the IEEE Engineering in Medicine and Biology Society (IEMBS ’04)},
  year    = {September 2004},
  volume  = {1},
  pages   = {2204-2207},
}

@Misc{ncoa,
  author  = {{Nation Council of Aging}},
  title   = {Falls Prevention Facts},
  url     = {https://www.ncoa.org/news/resources-for-reporters/get-the-facts/falls-prevention-facts/},
  urldate = {2010-09-30},
}

@Article{cause_of_fall,
  author  = {Fumio Eto},
  title   = {Causes of Falls in the Elderly},
  journal = {Japan Medical Association Journal},
  year    = {2001},
  volume  = {44},
  number  = {7},
  pages   = {299-305},
}

@InBook{bibli_book,
  chapter   = {1},
  pages     = {5},
  title     = {Falls in the Elderly},
  publisher = {Edward Arnold},
  year      = {1993},
  author    = {Joanna H. Downtow},
}

@Article{death_fall,
  author  = {Rubenstein LZ},
  title   = {{Falls in older people: epidemiology, risk factors and strategies for prevention}},
  journal = {Age Ageing},
  year    = {2006},
  pages   = {ii37-ii41},
}

@Article{death_in_USA,
  author  = {J. A. Stevens and G. Ryan and M. Kresnow},
  title   = {{Fatalities and Injuries from Falls Among Older Adults — United States, from 1993 to 2003 and from 2001 to 2005}},
  journal = {Journal of the American Medical Association},
  year    = {2007},
  pages   = {32-33},
}

@Article{death_in_canada,
  author  = {{Division of Aging and Seniors, PHAC. Canada}},
  title   = {Report on senior's fall in Canada. Ontario, Division of Aging and Seniors},
  journal = {Public Health Agency of Canada},
  year    = {2005},
}

@Article{SVM,
  author  = {T. Zhang and J. Wang and L. Xu and P. Liu},
  title   = {{Fall detection by wearable sensor and one-class SVM algorithm}},
  journal = {Intelligent Computing in Signal Processing and Pattern Recognition: International Conference on Intelligent Computing, ICIC 2006 Kunming, China},
  year    = {August 16–19, 2006},
  volume  = {345},
}

@Article{markov,
  author  = {P. Jayachandran and T. F. Abdelzaher and J. A. Stankovic and R. K. Ganti},
  title   = {SATIRE: a sofware architecture for smart attire},
  journal = {Proceedings of the 4th International Conference on Mobile Systems, Applications and Services (MobiSys ’06)},
  year    = {June 2016},
  pages   = {110-123},
}

@Conference{li,
  author    = {Qiang Li and John A. Stankovic and Mark Hanson and Adam Barth and John Lach},
  title     = {Accurate, Fast Fall Detection Using Gyroscopes and Accelerometer-Derived Posture Information},
  booktitle = {Wearable and Implantable Body Sensor Networks},
  year      = {2009},
  address   = {Berkeley, CA, USA},
  month     = jun,
}

@MastersThesis{binh,
  author = {Jonathan Tomkun and Binh Nguyen},
  title  = {{Design of a Fall Detection and Prevention System for the Elderly}},
  school = {McMaster University Hamilton, Ontario, Canada},
  year   = {2010},
  type   = {Bachelor Thesis},
}

@Article{yang,
  author  = {Yang, B. and Lee, Y. and Lin, C.},
  title   = {{On Developing a Real-Time Fall Detecting and Protecting System using Mobile Device}},
  journal = {Proceedings of the International Conference on Fall Prevention and Protection, Tokyo, Japan},
  year    = {2013},
  pages   = {151-156},
}

@Misc{accprinciple,
  author = {Majid Dadafshar},
  title  = {Accelerometer and Gyroscopes Sensors: Operation, Sensing, and Applications},
  url    = {https://www.maximintegrated.com/en/app-notes/index.mvp/id/5830},
}

@Misc{adxl,
  title = {{SparkFun Triple Axis Accelerometer Breakout - ADXL345}},
  url   = {https://www.sparkfun.com/products/9836},
}

@Misc{galaxy,
  title = {{Samsung Galaxy S2 i9100}},
  url   = {https://www.gsmarena.com/samsung_i9100_galaxy_s_ii-3621.php},
}

@Misc{mpu,
  title = {{MPU-6050 Accelerometer + Gyro}},
  url   = {https://playground.arduino.cc/Main/MPU-6050},
}

@Misc{rpl,
  title = {{Gyro Breakout Board - LPR530AL}},
  url   = {https://www.sparkfun.com/products/retired/9990},
}

@Misc{d1sche,
  title = {Testing MPU6050 before embarking on project},
  key   = {MPU6050},
  url   = {https://wifienabler.com/tag/mpu6050/},
}

@Misc{i2c,
  title = {{I2C Bus, Interface and Protocol}},
  url   = {http://i2c.info/},
}

@Misc{itg3200,
  title = {{SparkFun Triple-Axis Digital-Output Gyro Breakout - ITG-3200}},
  url   = {https://www.exp-tech.de/sensoren/gyroskop/5564/sparkfun-triple-axis-digital-output-gyro-breakout-itg-3200},
}

@Misc{gyrodef,
  title = {Inertial Sensors},
  url   = {http://www.kostasalexis.com/inertial-sensors.html},
}

@Misc{hip_fracture,
  title = {10 Shocking Statistics About Elderly Falls},
  month = aug,
  year  = {201},
  url   = {https://www.shellpoint.org/blog/2012/08/13/10-shocking-statistics-about-elderly-falls/},
}

@Misc{cost_fatal,
  author = {J. A. Stevens, P. S. Corso, E. A. Finkelstein, T. R. Miller},
  title  = {The costs of fatal and non-fatal falls among older adults},
  month  = oct,
  year   = {2006},
}

@InProceedings{cognitive_1,
  author    = {Prudham D, Evans JG.},
  title     = {Factors associated with falls in the elderly: a community study.},
  booktitle = {Age Ageing},
  year      = {1981},
}

@Article{cognitive_2,
  author  = {John C. Morris Eugene H. Rubin Edward J. Morris Stephen A. Mandel},
  title   = {Senile Dementia of the Alzheimer's Type: An Important Risk Factor for Serious Falls},
  journal = {Journal of Gerontology},
  volume  = {42},
  number  = {4},
  month   = jul,
}

@Article{postural_1,
  author  = {Asir John Samuel, John Solomon, Divya Mohan},
  title   = {A Critical Review on the Normal Postural Control},
  journal = {Physiotherapy and occupational Journal},
  year    = {2015},
  volume  = {8},
  number  = {2},
  pages   = {71-75},
}

@Article{postural_2,
  author  = {Poonam K. Pardasaney, Mary D. Slavin, Robert C. Wagenaar, Nancy K. Latham, Pengsheng Ni, Alan M. Jette},
  title   = {Conceptual limitations of balance measures for community-dwelling older adults},
  journal = {Physical Therapy},
  year    = {2013},
  volume  = {93},
  pages   = {1351-1368},
  issn    = {10},
}

@Article{cardio_1,
  author  = {Davies AJ, Kenny RA},
  title   = {Falls presenting to the Accident and Emergency Department: types of presentation and risk factor profile},
  journal = {Age Aging},
  year    = {1996},
  volume  = {25},
  pages   = {362–6},
}

@Article{ca,
  author  = {Kapoor WN, Karpf M, Wieand S, Peterson JR, Levey GS Wishwa N. Kapoor, Michael Karpf, Sam Wieand, Jacqueline R. Peterson, Gerald S. Levey},
  title   = {A prospective evaluation and follow-up of patients with syncope},
  journal = {New England Journal of Medical},
  year    = {1983},
}

@Misc{medicinenet_fracture,
  author = {MedicineNet.com},
  title  = {Falls and Fractures In Seniors},
  year   = {2004},
  url    = {https://www.medicinenet.com/script/main/art.asp?articlekey=7774},
}

@Article{cardio_2,
  author  = {Juan J. Carrero, Dinanda J. de Jager, Marion Verduijn, Pietro Ravani, Johan De Meester, James G. Heaf, Patrik Finne, Andries J. Hoitsma, Julio Pascual, Faiçal Jarraya, Anna V. Reisaete, Frederic Collart, Friedo W. Dekker, Kitty J. Jager},
  title   = {Cardiovascular and Noncardiovascular Mortality among Men and Women Starting Dialysis},
  journal = {Clinical Journal of the American Society of Nephrology},
}

@Article{other_consequence_1,
  author = {{Consumer Safety Unit}},
  title  = {Home and Leisure Accident Research},
  year   = {1988},
}

@Article{head_injury_1,
  author  = {MMWR Morb Mortal Wkly Rep},
  title   = {Nonfatal fall-related traumatic brain injury among older adults—California, 1996–1999},
  journal = {Morbidity and Mortality Weekly Report},
  year    = {2003},
}

@Comment{jabref-meta: databaseType:bibtex;}
